@INPROCEEDINGS{Jones00typeclasses,
    author = {Mark P. Jones},
    title = {Type classes with functional dependencies},
    booktitle = {},
    year = {2000},
    pages = {230--244},
    publisher = {Springer-Verlag}
}
@INPROCEEDINGS{Chen92parametrictype,
    author = {Kung Chen and Paul Hudak and Martin Odersky},
    title = {Parametric type classes (extended abstract},
    booktitle = {In ACM conference on LISP and Functional Programming},
    year = {1992},
    pages = {170--181}
}
@ARTICLE{Hudak92reporton,
    author = {Paul Hudak and Philip Wadler and Arvind Brian and Boutel Jon Fairbairn and Joseph Fasel and Kevin Hammond and John Hughes and Thomas Johnsson and Dick Kieburtz and Rishiyur Nikhil and Simon Peyton Jones and Mike Reeve and David Wise and Jonathan Young},
    title = {Report on the programming language Haskell: A non-strict, purely functional language},
    journal = {ACM SIGPLAN Notices},
    year = {1992},
    volume = {27}
}
@MISC{Jeffery_typeclasses,
    author = {David Jeffery and Fergus Henderson and Zoltan Somogyi},
    title = {Type classes in Mercury DRAFT},
    year = {}
}
@article{schrijvers:ttp,
  title={{Towards typed Prolog}},
  author={Schrijvers, T. and Santos Costa, V. and Wielemaker, J. and Demoen, B.},
  journal={status: accepted},
  publisher={Springer}
}
@article{somogyi1995mep,
  title={{Mercury, an efficient purely declarative logic programming language}},
  author={Somogyi, Z. and Henderson, F.J. and Conway, TC},
  journal={AUSTRALIAN COMPUTER SCIENCE COMMUNICATIONS},
  volume={17},
  pages={499--512},
  year={1995},
  publisher={UNIVERSITY OF CANTERBURY}
}
@article{mycroft1984pts,
  title={{A polymorphic type system for PROLOG.}},
  author={Mycroft, A. and O'Keefe, R.A.},
  journal={Artificial Intelligence},
  volume={23},
  number={3},
  pages={295--307},
  year={1984},
  publisher={Elsevier Science Publishers Ltd. Essex, UK}
}
@article{hall1996tch,
  title={{Type classes in Haskell}},
  author={Hall, C.V. and Hammond, K. and Jones, S.L.P. and Wadler, P.L.},
  journal={ACM Transactions on Programming Languages and Systems (TOPLAS)},
  volume={18},
  number={2},
  pages={109--138},
  year={1996},
  publisher={ACM Press New York, NY, USA}
}
@article{laeufer1996tce,
  title={{Type classes with existential types}},
  author={Laeufer, K.},
  journal={Journal of Functional Programming},
  volume={6},
  number={3},
  pages={485--517},
  year={1996}
}
@article{somogyi1995mep,
  title={{Mercury, an efficient purely declarative logic programming language}},
  author={Somogyi, Z. and Henderson, F.J. and Conway, TC},
  journal={AUSTRALIAN COMPUTER SCIENCE COMMUNICATIONS},
  volume={17},
  pages={499--512},
  year={1995},
  publisher={UNIVERSITY OF CANTERBURY}
}

